@Book{ukkonen,
    author 		= {Esko Ukkonen},
    title 		= {On-line construction of suffix trees},
    publisher 	= {Department of Computer Science, University of Helsinki},
},

@Book{gusfield,
	author	= {Dan Gusfield},
	title		= {Algorithms on Strings, Trees, and Sequences},
	year 		= {1997},
	publisher 	= {University of California, Davis Cambridge University Press},
},

@misc{stack,
	title			= {Ukkonen's suffix tree algorithm in plain English},
	howpublished 	= "\url{http://stackoverflow.com/questions/9452701/ukkonens-suffix-tree-algorithm-in-plain-english}",
	year 			= {2015},
	month 		= {January}
},

@Book{mile,
	author	= {Sikic, Mile and Domazet-Loso, Mirjana},
	title		= {Bioinformatika},
	year 		= {2013},
	publisher 	= {Sveuciliste u Zagrebu, Fakultet elektrotehnike i racunarstva},
},

@misc{ecoli,
	title 			= {Genom escherichia coli},
	howpublished 	= "\url{ftp://ftp.ensemblgenomes.org/pub/bacteria/release-25/fasta/bacteria_11_collection/escherichia_coli_07798/dna/Escherichia_coli_07798.GCA_000303655.1.25.dna.genome.fa.gz}",
	year			= {2015},
	month		= {Sijecanj},
	day 			= {13}
},

@misc{klamidija,
	title 			= {Genom Brochothrix Campestris},
	howpublished 	= "\url{ftp://ftp.ensemblgenomes.org/pub/bacteria/release-25/fasta/bacteria_80_collection/brochothrix_campestris_fsl_f6_1037/dna/Brochothrix_campestris_fsl_f6_1037.GCA_000525915.1.25.dna.genome.fa.gz}",
	year			= {2015},
	month		= {Sijecanj},
	day 			= {13}
},

@misc{biolinux,
	title 			= {Bio Linux},
	howpublished 	= "\url{http://environmentalomics.org/bio-linux-download/}",
	year 			= {2015},
	month 		= {Sijecanj},
	day 			= {13}
},